<?xml version="1.0" encoding="UTF-8"?><collection xmlns="http://www.loc.gov/MARC21/slim"><record><leader>00480nam--2200169-i-4500</leader><controlfield tag="001">000043494</controlfield><controlfield tag="002">20161230</controlfield><controlfield tag="005">20161230201044</controlfield><controlfield tag="008">060222s1000------------r-----000-0-eng-d</controlfield><datafield ind1=" " ind2=" " tag="040"><subfield code="a">IFIN-HH</subfield></datafield><datafield ind1=" " ind2=" " tag="080"><subfield code="a">53</subfield></datafield><datafield ind1="1" ind2=" " tag="110"><subfield code="a">National Bureau of Standards</subfield></datafield><datafield ind1="1" ind2="0" tag="245"><subfield code="a">Tables for the analysis of beta spectra. applied mathematics. series 13</subfield></datafield><datafield ind1=" " ind2=" " tag="260"><subfield code="a">Washington, D.C</subfield><subfield code="b">U.S.Department Of Commerce</subfield><subfield code="c">1952</subfield></datafield><datafield ind1=" " ind2=" " tag="300"><subfield code="a">61 P</subfield></datafield><datafield ind1=" " ind2=" " tag="852"><subfield code="a">15534</subfield><subfield code="c">53.081</subfield></datafield><datafield ind1=" " ind2=" " tag="CAT"><subfield code="a">Sys</subfield><subfield code="c">20151117</subfield><subfield code="h">135629</subfield></datafield></record></collection>